@article{moore65,
  author  = "George E. Moore",
  title   = "{Cramming More Components onto Integrated Circuits}",
  year    = "1965",
}

@misc{itrs,
  organization  = "{ITRS}",
  year    = "2010",
  url = "http://www.itrs.net/Links/2010ITRS/2010Update/ToPost/2010Tables\_ORTC\_ITRS.xls"
}

@manual{ms-par,
  organization = "{Microsoft Corp.}",
  title = "Parallel Programming in the .NET Framework",
  url = "http://msdn.microsoft.com/en-us/library/dd460693(v=vs.110).aspx"
}

@online{es-web,
  organization = "ECMA",
  title = "{EcmaScript}",
  url = "http://www.ecmascript.org/"
}

@online{asm-web,
  title = "{asm.js}",
  url = "http://asmjs.org/"
}

@online{webgl-web,
  title = "{WebGL}",
  organization = "Khronos Group",
  url = "http://www.khronos.org/webgl/"
}

@article{par-js,
  author = "{J. Wang, N. Rubin and S. Yalamanchili}",
  title = "ParallelJS: An Execution Framework for JavaScript on Heterogeneous Systems",
  year = "2014"
}

@online{js-simd,
  author = "A. Rauschmayer",
  title = "ParallelJS: An Execution Framework for JavaScript on Heterogeneous Systems",
  year = "2013",
  url = "http://www.2ality.com/2013/12/simd-js.html"
}

@online{w3c-ww,
  organization = "W3C",
  title = "{Web Workers}",
  url = "http://www.w3.org/TR/workers/"
}

@online{mraleph-bc,
  author = "Vyacheslav Egorov",
  title = "The Black Cat of Microbenchmarks",
  url = "http://mrale.ph/blog/2014/02/23/the-black-cat-of-microbenchmarks.html"
}

@misc{ir-hydra,
  author = "Vyacheslav Egorov",
  title = "{IRHydra}",
  url = "http://mrale.ph/irhydra/2"
}

@online{html-w3c,
  organization = "W3C",
  title = "{HTML Standard}",
  url = "http://www.w3.org/TR/html5"
}

@online{html-whatwg,
  organization = "WHATWG",
  title = "{HTML Standard}",
  url = "https://html.spec.whatwg.org"
}

@article{cloud-haskell,
  author  = "Jeff Epstein, Andrew P. Black, Simon Peyton-Jones",
  title   = "{Towards Haskell in the Cloud}",
  year    = "2011",
  url     = "http://research.microsoft.com/en-us/um/people/simonpj/papers/parallel/remote.pdf"
}

@mastersthesis{distributed-scheme,
  author    = "Alex Schwendner",
  title     = "Distributed Functional Programming in Scheme",
  school    = "Massachusetts Institute of Technology",
  year      = "2010",
  url     = "http://groups.csail.mit.edu/commit/papers/2010/alexrs-meng-thesis.pdf"
}

@online{encoding-api,
  organization = "WHATWG",
  title = "{Encoding Standard}",
  url = "https://encoding.spec.whatwg.org"
}

@online{es6,
  title = "{ECMA-262 6th Edition (Draft)}",
  year = "2015",
  month = "February",
  day = "2",
  url = "http://people.mozilla.org/~jorendorff/es6-draft.html"
}

@article{inline-pro,
  author  = "Randy Allen, Steve Johnson",
  title   = "{Compiling C for vectorization parallelism and inline expansion}",
  year    = "1988"
}

@article{inline-cons,
  author  = "William Chen, Pahua Chang, Thomas Conte, Wenmei Hwu",
  title   = "{The EÙè∞Äffect of Code Expanding Optimizations on Instruction Cache Design}",
  year    = "1991",
  month   = "April"
}

@online{amd,
  title = "{Asynchronous Module Definition API}",
  url = "https://github.com/amdjs/amdjs-api/blob/master/AMD.md"
}

@online{requirejs,
  title = "{require.js, a JavaScript module loader}",
  url = "http://requirejs.org"
}

@online{nodejs,
  title = "node.js",
  url = "https://nodejs.org"
}